@article{anidjar2023transfer,
  title={Transfer Learning Methods for Fractographic Detection of Fatigue Crack Initiation in Additive Manufacturing},
  author={Anidjar, Or Haim and Lang, Ro'i and Mega, Mor},
  journal={IEEE Access},
  volume={0},
  pages={1--18},
  year={2023},
  publisher={IEEE},
  doi={10.1109/ACCESS.2023.DOI}
}
%
@article{astiz1986incompatible,
  title={An incompatible singular elastic element for two-and three-dimensional crack problems},
  author={Astiz, MA},
  journal={International Journal of Fracture},
  volume={31},
  pages={105--124},
  year={1986},
  publisher={Springer}
}
%
@article{bastidas2016fractographic,
  title={Fractographic classification in metallic materials by using computer vision},
  author={Bastidas-Rodriguez, Maria-Ximena and Prieto-Ortiz, FA and Espejo, Edgar},
  journal={Engineering Failure Analysis},
  volume={59},
  pages={237--252},
  year={2016},
  publisher={Elsevier}
}
%
@article{boyer1996overview,
  title={An overview on the use of titanium in the aerospace industry},
  author={Boyer, Renee R},
  journal={Materials Science and Engineering: A},
  volume={213},
  number={1-2},
  pages={103--114},
  year={1996},
  publisher={Elsevier}
}
%
@article{carpinteri1992stress,
  title={Stress intensity factors for straight-fronted edge cracks in round bars},
  author={Carpinteri, Andrea},
  journal={Engineering Fracture Mechanics},
  volume={42},
  number={6},
  pages={1035--1040},
  year={1992},
  publisher={Elsevier}
}
%
@article{carpinteri1992elliptical,
  title={Elliptical-arc surface cracks in round bars},
  author={Carpinteri, Andrea},
  journal={Fatigue \& Fracture of Engineering Materials \& Structures},
  volume={15},
  number={11},
  pages={1141--1153},
  year={1992},
  publisher={Wiley Online Library}
}
%
@article{couroneau1998simplified,
  title={Simplified model for the fatigue growth analysis of surface cracks in round bars under mode I},
  author={Couroneau, N and Royer, J},
  journal={International Journal of Fatigue},
  volume={20},
  number={10},
  pages={711--718},
  year={1998},
  publisher={Elsevier}
}
%
@article{das2011characterization,
  title={Characterization of impact fracture surfaces under different processing conditions of 7075 {A}l alloy using image texture analysis},
  author={Das, P. and Dutta, S. and Roy, H. and Jayaganthan, R.},
  journal={Int. J. Technol. Eng. Syst},
  volume={2},
  number={2},
  pages={143--147},
  year={2011}
}
%
@article{debroy2018additive,
  title={Additive manufacturing of metallic components--process, structure and properties},
  author={DebRoy, Tarasankar and Wei, HL and Zuback, JS and Mukherjee, Tuhin and Elmer, JW and Milewski, JO and Beese, Allison Michelle and Wilson-Heid, A de and De, Amitava and Zhang, Wei},
  journal={Progress in Materials Science},
  volume={92},
  pages={112--224},
  year={2018},
  publisher={Elsevier}
}
%
@article{gorsse2017additive,
  title={Additive manufacturing of metals: a brief review of the characteristic microstructures and properties of steels, Ti-6Al-4V and high-entropy alloys},
  author={Gorsse, St{\'e}phane and Hutchinson, Christopher and Goun{\'e}, Mohamed and Banerjee, Rajarshi},
  journal={Science and Technology of advanced MaTerialS},
  volume={18},
  number={1},
  pages={584--610},
  year={2017},
  publisher={Taylor \& Francis}
}
%
@article{hellen1975method,
  title={On the method of virtual crack extensions},
  author={Hellen, TK},
  journal={International Journal for numerical methods in engineering},
  volume={9},
  number={1},
  pages={187--207},
  year={1975},
  publisher={Wiley Online Library}
}
%
@article{herzog2016additive,
  title={Additive manufacturing of metals},
  author={Herzog, Dirk and Seyda, Vanessa and Wycisk, Eric and Emmelmann, Claus},
  journal={Acta Materialia},
  volume={117},
  pages={371--392},
  year={2016},
  publisher={Elsevier}
}
%
@inproceedings{hu2017automation,
  title={Automation of quantitative fractography for determination of fatigue crack growth rates with marker loads},
  author={Hu, Weiping and Wiliem, Arnold and Lovell, Brian and Barter, Simon and Liu, Liangchen},
  booktitle={29th ICAF Symposium Nagoya},
  year={2017}
}
%
@article{kanchanomai2004low,
  title={Low-Cycle fatigue prediction model for {P}b-free solder 96.5 {S}n-3.5 {A}g},
  author={Kanchanomai, Chaosuan and Mutoh, Yoshiharu},
  journal={Journal of Electronic Materials},
  volume={33},
  pages={329--333},
  year={2004},
  publisher={Springer}
}
%
@article{levan1993part,
  title={Part-circular surface cracks in round bars under tension, bending and twisting},
  author={Levan, Anh and Royer, Jean},
  journal={International Journal of Fracture},
  volume={61},
  pages={71--99},
  year={1993},
  publisher={Springer}
}
%
@article{naik2019identification,
  title={Identification and characterization of fracture in metals using machine learning based texture recognition algorithms},
  author={Naik, Dayakar L and Kiran, Ravi},
  journal={Engineering Fracture Mechanics},
  volume={219},
  pages={106618},
  year={2019},
  publisher={Elsevier}
}
%
@article{qian2016additive,
  title={Additive manufacturing and postprocessing of Ti-6Al-4V for superior mechanical properties},
  author={Qian, MA and Xu, Wei and Brandt, Milan and Tang, HP},
  journal={Mrs Bulletin},
  volume={41},
  number={10},
  pages={775--784},
  year={2016},
  publisher={Cambridge University Press}
}
%
@article{shih2002stress,
  title={The stress intensity factor study of an elliptical cracked shaft},
  author={Shih, Yan-Shin and Chen, Jien-Jong},
  journal={Nuclear Engineering and design},
  volume={214},
  number={1-2},
  pages={137--145},
  year={2002},
  publisher={Elsevier}
}
%
@article{shin2004experimental,
  title={Experimental and finite element analyses on stress intensity factors of an elliptical surface crack in a circular shaft under tension and bending},
  author={Shin, CS and Cai, CQ},
  journal={International Journal of fracture},
  volume={129},
  pages={239--264},
  year={2004},
  publisher={Springer}
}
%
@article{toribio2009automated,
  title={An automated procedure for the geometrical modelling of a surface crack front},
  author={Toribio, J and Matos, JC and Gonz{\'a}lez, B and Escuadra, J},
  journal={Structural Durability \& Health Monitoring},
  volume={5},
  number={1},
  pages={57},
  year={2009},
  publisher={Tech Science Press}
}
%
@article{tsopanidis2020toward,
  title={Toward quantitative fractography using convolutional neural networks},
  author={Tsopanidis, Stylianos and Moreno, Ra{\'u}l Herrero and Osovski, Shmuel},
  journal={Engineering Fracture Mechanics},
  volume={231},
  pages={106992},
  year={2020},
  publisher={Elsevier}
}
%
@article{tsopanidis2020unsupervised,
  title={Unsupervised Machine Learning in Fractography: Evaluation and Interpretation},
  author={Tsopanidis, Stylianos and Osovski, Shmuel},
  journal={Preprint submitted to Elsevier},
  year={2020}
}
%
@phdthesis{valiente1980criterios,
  title={Criterios de fractura para alambres},
  author={Valiente Cancho, Andr{\'e}s},
  year={1980},
  school={Caminos}
}
%
@article{wong2012review,
  title={A review of additive manufacturing},
  author={Wong, Kaufui V and Hernandez, Aldo},
  journal={International scholarly research notices},
  volume={2012},
  year={2012},
  publisher={Hindawi}
}
%
@article{zain2009enhancement,
  title={Enhancement of bone fracture image using filtering techniques},
  author={Zain, Muhammad Luqman Muhd and Elamvazuthi, Irraivan and Begam, Mumtaj},
  journal={The International Journal of Video and Image Processing and Network Security},
  volume={9},
  number={10},
  year={2009}
}
%
@article{zhang2023automated,
  title={Automated bridge crack detection method based on lightweight vision models},
  author={Zhang, Jian and Qian, Songrong and Tan, Can},
  journal={Complex \& Intelligent Systems},
  volume={9},
  number={2},
  pages={1639--1652},
  year={2023},
  publisher={Springer}
}